@book{1986recherche,
  author    = {Rohlin, V.A. and Casson, A.},
  publisher = {Birkh{ä}user Boston},
  url       = {https://books.google.com/books?id=Gg2oAAAAIAAJ},
  date      = {1986},
  isbn      = {9783764333294},
  number    = {v. 1},
  series    = {Progress in Mathematics},
  title     = {A la Recherche de la Topologie Perdue: I. du Cote de chez Rohlin. II. Le cote de Casson},
}

@article{adams1960,
  author       = {Adams, J. F.},
  url          = {https://www.jstor.org/stable/1970147},
  date         = {1960},
  journaltitle = {Annals of Math.},
  pages        = {20--104},
  title        = {On the non--existence of elements of Hopf invariant one},
  volume       = {72},
}

@article{adams1962,
  author       = {Adams, J. F.},
  url          = {https://www.jstor.org/stable/1970213},
  date         = {1962},
  journaltitle = {Annals of Math.},
  pages        = {602--632},
  title        = {Vector fields on spheres},
  volume       = {75},
}

@article{adams1965,
  author       = {Adams, J.F.},
  url          = {https://www.sciencedirect.com/science/article/pii/0040938365900406},
  date         = {1965},
  doi          = {https://doi.org/10.1016/0040-9383(65)90040-6},
  issn         = {0040-9383},
  journaltitle = {Topology},
  number       = {2},
  pages        = {137--171},
  title        = {On the groups J(X)—II},
  volume       = {3},
}

@article{adams1966,
  author       = {Adams, J.F.},
  url          = {https://www.sciencedirect.com/science/article/pii/0040938366900048},
  date         = {1966},
  doi          = {https://doi.org/10.1016/0040-9383(66)90004-8},
  issn         = {0040-9383},
  journaltitle = {Topology},
  number       = {1},
  pages        = {21--71},
  title        = {On the groups J(X)—IV},
  volume       = {5},
}

@misc{adams1967,
  author      = {Adams, J. F.},
  institution = {University of Chicago},
  url         = {https://people.math.rochester.edu/faculty/doug/otherpapers/Adams-SHGH-latex.pdf},
  date        = {1967},
  title       = {S.P. Novikov's work on operations on complex cobordism},
}

@misc{adams1970,
  author      = {Adams, J. F.},
  institution = {University of Chicago},
  url         = {https://people.math.rochester.edu/faculty/doug/otherpapers/Adams-SHGH-latex.pdf},
  date        = {1970},
  title       = {Quillen's work on formal groups and complex cobordism},
}

@book{adams1972,
  author    = {Adams, J.F. and Shepherd, G.C. and Hitchin, N.J.},
  publisher = {Cambridge University Press},
  url       = {https://books.google.com/books?id=NnfazemWKmgC},
  date      = {1972},
  isbn      = {9780521080767},
  series    = {Lecture note series, 4},
  title     = {Algebraic Topology: A Student's Guide},
}

@article{adem,
  author       = {Adem, J.},
  url          = {https://www.jstor.org/stable/88494},
  date         = {1952},
  journaltitle = {Proc. Nat. Acad. Sci. U.S.A.},
  pages        = {720--726},
  title        = {The iteration of the Steenrod squares in algebraic topology},
  volume       = {38},
}

@book{alexandroff,
  author    = {Alexandroff, P. and Hopf, H.},
  publisher = {Springer},
  url       = {https://archive.org/details/in.ernet.dli.2015.358148},
  date      = {1935},
  number    = {v. 1},
  series    = {Die Grundlehren der mathematischen Wissenschaften in Einzeldarstellungen},
  title     = {Topologie},
}

@article{anderson1964,
  author       = {Anderson, D. W.},
  publisher    = {National Academy of Sciences},
  url          = {http://www.jstor.org/stable/71980},
  date         = {1964},
  issn         = {00278424},
  journaltitle = {Proceedings of the National Academy of Sciences of the United States of America},
  number       = {4},
  pages        = {634--636},
  title        = {The Real K-Theory of Classifying Spaces},
  urldate      = {2022-09-13},
  volume       = {51},
}

@article{anderson1967,
  author       = {Anderson, D. W. and Brown, E. H. and Peterson, F. P.},
  publisher    = {Annals of Mathematics},
  url          = {http://www.jstor.org/stable/1970690},
  date         = {1967},
  issn         = {0003486X},
  journaltitle = {Annals of Mathematics},
  number       = {2},
  pages        = {271--298},
  title        = {The Structure of the Spin Cobordism Ring},
  urldate      = {2022-09-13},
  volume       = {86},
}

@book{artin2015gamma,
  author    = {Artin, E. and Butler, M.},
  publisher = {Dover Publications},
  url       = {https://books.google.com/books?id=c3R2BgAAQBAJ},
  date      = {2015},
  isbn      = {9780486803005},
  note      = {\url{https://archive.org/details/THEGAMMAFUNCTION} for link to an older version},
  series    = {Dover Books on Mathematics},
  title     = {The Gamma Function},
}

@article{atiyah1961,
  author       = {Atiyah, M. and Hirzebruch, F.},
  url          = {https://www.maths.ed.ac.uk/~v1ranick/papers/ahvbh.pdf},
  date         = {1972},
  journaltitle = {Proc. Symp. Pure Math.},
  pages        = {7--38},
  title        = {Homogeneous vector bundles on homogeneous spaces},
  volume       = {III},
}

@book{atiyah1967,
  author    = {Atiyah, M.},
  publisher = {CRC Press},
  url       = {https://www.maths.ed.ac.uk/~v1ranick/papers/atiyahk.pdf},
  date      = {2018},
  isbn      = {9780429962097},
  title     = {K-theory},
}

@article{atiyah1968,
  author       = {Atiyah, M. F. and Singer, I. M.},
  publisher    = {Annals of Mathematics},
  url          = {http://www.jstor.org/stable/1970717},
  date         = {1968},
  issn         = {0003486X},
  journaltitle = {Annals of Mathematics},
  number       = {3},
  pages        = {546--604},
  title        = {The Index of Elliptic Operators: III},
  urldate      = {2022-09-13},
  volume       = {87},
}

@article{baum,
  author       = {Baum, P.},
  publisher    = {Amer. Math. Soc.},
  journaltitle = {Proc. Symp. Pure Math. 27 Differential Geometry},
  title        = {Chern classes and singularities of complex foliations},
}

@journal{baum1975,
  author       = {Baum, P.},
  url          = {https://bookstore.ams.org/pspum-27-1/},
  date         = {1971},
  journaltitle = {Proc. Symp. Pure Math. 27, Differential Geometry},
  title        = {Chern classes and singularities of complex foliations},
}

@book{bishop2011,
  author    = {Bishop, R.L. and Crittenden, R.J.},
  publisher = {Elsevier Science},
  url       = {https://books.google.com/books?id=sRaSuentwngC},
  date      = {2011},
  isbn      = {9780080873275},
  series    = {ISSN},
  title     = {Geometry of manifolds},
}

@journal{blanton1975,
  author       = {Blanton, ]. D. and Schweitzer, P. A.},
  url          = {https://bookstore.ams.org/pspum-27-1/},
  date         = {1975},
  journaltitle = {Proc. Symp. Pure Math. 27, Differential Geometry},
}

@inproceedings{blantonaxiom,
  author    = {Blanton, John D. and Schweitzer, Paul A.},
  url       = {https://www.ams.org/books/pspum/027.1/},
  booktitle = {Differential geometry ({P}roc. {S}ympos. {P}ure {M}ath., {V}ol. {XXVII}, {S}tanford {U}niv., {S}tanford, {C}alif., 1973), {P}art 1},
  date      = {1975},
  pages     = {349--356},
  title     = {Axioms for characteristic classes of manifolds},
}

@journal{boardman1968,
  author       = {Boardman, M. and Vogt, R.},
  date         = {1968},
  doi          = {https://doi.org/10.1090/S0002-9904-1968-12070-1},
  journaltitle = {Bull. Amer. Math. Soc.},
  pages        = {1117--1122},
  volume       = {74},
}

@book{boardman1973,
  author    = {Boardman, J.M. and Vogt, R.M.},
  publisher = {Springer Berlin Heidelberg},
  url       = {https://books.google.com/books?id=QjB8CwAAQBAJ},
  date      = {2006},
  isbn      = {9783540377993},
  series    = {Lecture Notes in Mathematics},
  title     = {Homotopy Invariant Algebraic Structures on Topological Spaces},
}

@article{borel1950,
  author       = {Borel, A.},
  url          = {https://aareyanmanzoor.github.io/assets/articles/borel-1950.pdf},
  date         = {1950},
  issue        = {1},
  journaltitle = {C. R. Acad. Sci. Paris},
  pages        = {1378--1380},
  title        = {Le plan projectif des octaves et les spheres comme espaces homogenes},
  volume       = {230},
}

@article{Borel1953,
  author       = {Borel, A.},
  url          = {http://eudml.org/doc/139062},
  date         = {1953},
  journaltitle = {Commentarii mathematici Helvetici},
  keywords     = {topology},
  pages        = {165--197},
  title        = {La cohomologie mod 2 de certains espaces homogènes.},
  volume       = {27},
}

@article{borel1953sur,
  author       = {Borel, Armand},
  publisher    = {Annals of Mathematics},
  url          = {http://www.jstor.org/stable/1969728},
  date         = {1953},
  issn         = {0003486X},
  journaltitle = {Annals of Mathematics},
  number       = {1},
  pages        = {115--207},
  title        = {Sur La Cohomologie des Espaces Fibres Principaux et des Espaces Homogenes de Groupes de Lie Compacts},
  urldate      = {2022-09-13},
  volume       = {57},
}

@article{borel1955,
  author       = {Borel, Armand},
  publisher    = {American Mathematical Society},
  url          = {https://doi.org/},
  date         = {1955},
  doi          = {bams/1183520007},
  journaltitle = {Bulletin of the American Mathematical Society},
  number       = {5},
  pages        = {397--432},
  title        = {{Topology of Lie groups and characteristic classes}},
  volume       = {61},
}

@book{borel1960,
  author    = {Borel, Armand and Bredon, G. and Floyd, E. E. and Montgomery, D. and Palais, R.},
  publisher = {Princeton University Press},
  url       = {http://www.jstor.org/stable/j.ctt1bd6jxd},
  date      = {1960},
  isbn      = {9780691090948},
  title     = {Seminar on Transformation Groups. (AM-46)},
  urldate   = {2022-09-13},
}

@book{borevich1966,
  author    = {Borevich, Z. I. and Shafarevich, I. R.},
  publisher = {Academic Press},
  url       = {https://www.maths.ed.ac.uk/~v1ranick/papers/borevich.pdf},
  date      = {1966},
  title     = {Number Theory},
}

@article{bott-haefliger,
  author       = {Bott, R. and Haefliger, A.},
  publisher    = {American Mathematical Society},
  url          = {https://doi.org/bams/1183534148},
  date         = {1972},
  journaltitle = {Bulletin of the American Mathematical Society},
  number       = {6},
  pages        = {1039--1044},
  title        = {{On characteristic classes of $\Gamma $-foliations}},
  volume       = {78},
}

@article{bott-milnor1958,
  author       = {Bott, Raul and Milnor, John W.},
  url          = {https://doi.org/10.1090/S0002-9904-1958-10166-4},
  date         = {1958},
  doi          = {10.1090/S0002-9904-1958-10166-4},
  issn         = {0002-9904},
  journaltitle = {Bull. Amer. Math. Soc.},
  pages        = {87--89},
  title        = {On the parallelizability of the spheres},
  volume       = {64},
}

@article{bott1957,
  author       = {Bott, Raoul},
  publisher    = {National Academy of Sciences},
  url          = {http://www.jstor.org/stable/89403},
  date         = {1957},
  issn         = {00278424},
  journaltitle = {Proceedings of the National Academy of Sciences of the United States of America},
  number       = {10},
  pages        = {933--935},
  title        = {The Stable Homotopy of the Classical Groups},
  urldate      = {2022-09-13},
  volume       = {43},
}

@article{bott1959,
  author       = {Bott, Raoul},
  publisher    = {University of Michigan, Department of Mathematics},
  url          = {https://doi.org/10.1307/mmj/1028998010},
  date         = {1958},
  journaltitle = {Michigan Mathematical Journal},
  number       = {1},
  pages        = {35--61},
  title        = {{The space of loops on a Lie group.}},
  volume       = {5},
}

@article{bott1962,
  author       = {Bott, Raoul},
  publisher    = {American Mathematical Society},
  url          = {https://doi.org/},
  date         = {1962},
  doi          = {bams/1183524683},
  journaltitle = {Bulletin of the American Mathematical Society},
  number       = {4},
  pages        = {395--400},
  title        = {{A note on the $KO$-theory of sphere-bundles}},
  volume       = {68},
}

@article{bott1970,
  author       = {Bott, Raoul},
  url          = {https://www.sciencedirect.com/science/article/pii/0001870870900307},
  date         = {1970},
  doi          = {https://doi.org/10.1016/0001-8708(70)90030-7},
  issn         = {0001-8708},
  journaltitle = {Advances in Mathematics},
  number       = {3},
  pages        = {353--411},
  title        = {The periodicity theorem for the classical groups and some of its applications},
  volume       = {4},
}

@article{bott1972lefschetz,
  author       = {Bott, R.},
  date         = {1972},
  issue        = {10, Differential Geometry},
  journaltitle = {Symposia Math},
  title        = {The Lefschetz formula and exotic characteristic classes},
}

@article{Boy1903,
  author       = {Boy, Werner},
  url          = {http://eudml.org/doc/158092},
  date         = {1903},
  journaltitle = {Mathematische Annalen},
  pages        = {151--184},
  title        = {Über die Curvatura integra und die Topologie geschlossener Flächen. (Mit 24 Figuren im Text)},
  volume       = {57},
}

@article{brody,
  author       = {Brody, E. J.},
  publisher    = {Annals of Mathematics},
  url          = {http://www.jstor.org/stable/1969884},
  date         = {1960},
  issn         = {0003486X},
  journaltitle = {Annals of Mathematics},
  number       = {1},
  pages        = {163--184},
  title        = {The Topological Classification of the Lens Spaces},
  urldate      = {2022-10-06},
  volume       = {71},
}

@inproceedings{Browder1968SurgeryAT,
  author = {Browder, William A.},
  url    = {https://www.ams.org/journals/bull/1966-72-06/S0002-9904-1966-11602-6/S0002-9904-1966-11602-6.pdf},
  date   = {1968},
  title  = {Surgery and the Theory of Differentiable Transformation Groups},
}

@article{brown,
  author       = {Newns, W. F.},
  publisher    = {Mathematical Association of America},
  url          = {http://www.jstor.org/stable/2315264},
  date         = {1967},
  issn         = {00029890, 19300972},
  journaltitle = {The American Mathematical Monthly},
  number       = {8},
  pages        = {911--920},
  title        = {Functional Dependence},
  urldate      = {2022-10-06},
  volume       = {74},
}

@article{brumfiel,
  author       = {Brumfiel, G. and Madsen, I. and Milgram, R. J.},
  publisher    = {Annals of Mathematics},
  url          = {http://www.jstor.org/stable/1970878},
  date         = {1973},
  issn         = {0003486X},
  journaltitle = {Annals of Mathematics},
  number       = {1},
  pages        = {82--159},
  title        = {PL Characteristic Classes and Cobordism},
  urldate      = {2022-10-06},
  volume       = {97},
}

@book{cerf,
  author    = {Cerf, Jean},
  publisher = {Springer},
  date      = {1968},
  title     = {Sur les diffeomorphismes de la sphere de dimensions trois (4},
}

@article{chapman,
  author       = {Chapman, T. A.},
  publisher    = {American Mathematical Society},
  url          = {https://doi.org/},
  date         = {1973},
  doi          = {bams/1183534287},
  journaltitle = {Bulletin of the American Mathematical Society},
  number       = {1},
  pages        = {52--56},
  title        = {{Compact Hilbert cube manifolds and the invariance of Whitehead torsion}},
  volume       = {79},
}

@article{chern1948,
  author       = {Chern, Shiing-shen},
  url          = {https://doi.org/10.2307/1969285},
  date         = {1948},
  doi          = {10.2307/1969285},
  journaltitle = {Ann. of Math. (2)},
  pages        = {362--372},
  title        = {On the multiplication in the characteristic ring of a sphere bundle},
  volume       = {49},
}

@book{chern1975differential,
  author    = {Chern, S. and Society, American Mathematical and in Pure Mathematics, Symposium},
  publisher = {American Mathematical Soc.},
  url       = {https://www.ams.org/books/pspum/027.1/},
  date      = {1975},
  isbn      = {9780821802472},
  number    = {v. 1},
  series    = {Proceedings of Symposia in Pure Mathematics},
  title     = {Differential Geometry, Part 1: Proceedings of the Symposium in Pure Mathematics of the American Mathematical Society, Held at Stanford University, Stanford, California, July 30-August 17, 1973},
}

@article{chernsimmons,
  author       = {Chern, Shiing-Shen and Simons, James},
  publisher    = {National Academy of Sciences},
  url          = {http://www.jstor.org/stable/60680},
  date         = {1971},
  issn         = {00278424},
  journaltitle = {Proceedings of the National Academy of Sciences of the United States of America},
  number       = {4},
  pages        = {791--794},
  title        = {Some Cohomology Classes in Principal Fiber Bundles and their Application to Riemannian Geometry},
  urldate      = {2022-10-06},
  volume       = {68},
}

@book{chevalley1999,
  author    = {Chevalley, Claude},
  publisher = {Princeton University Press, Princeton, NJ},
  url       = {https://www.jstor.org/stable/j.ctt1bpm9z7},
  date      = {1999},
  isbn      = {0-691-04990-4},
  note      = {Fifteenth printing, Princeton Landmarks in Mathematics},
  pages     = {xii+217},
  series    = {Princeton Mathematical Series},
  title     = {Theory of {L}ie groups. {I}},
  volume    = {8},
}

@book{derham1955,
  author = {de Rham, Georges},
  date   = {1955},
  title  = {Variétés différentiables},
}

@article{dold1963,
  author       = {Dold, Albrecht},
  publisher    = {Annals of Mathematics},
  url          = {http://www.jstor.org/stable/1970341},
  date         = {1963},
  issn         = {0003486X},
  journaltitle = {Annals of Mathematics},
  number       = {2},
  pages        = {223--255},
  title        = {Partitions of Unity in the Theory of Fibrations},
  urldate      = {2022-10-06},
  volume       = {78},
}

@book{dold1972,
  author    = {Dold, Albrecht},
  publisher = {Springer-Verlag, Berlin},
  url       = {https://doi.org/10.1007/978-3-642-67821-9},
  date      = {1995},
  doi       = {10.1007/978-3-642-67821-9},
  isbn      = {3-540-58660-1},
  note      = {Reprint of the 1972 edition},
  pages     = {xii+377},
  series    = {Classics in Mathematics},
  title     = {Lectures on Algebraic Topology},
}

@book{dugundji1966,
  author    = {Dugundji, James},
  publisher = {Allyn and Bacon, Inc., Boston, Mass.},
  date      = {1966},
  pages     = {xvi+447},
  title     = {Topology},
}

@book{dyer1969cohomology,
  author    = {Dyer, E.},
  publisher = {W. A. Benjamin},
  url       = {https://archive.org/details/cohomologytheori00dyer/page/n13/mode/2up},
  date      = {1969},
  isbn      = {9780805323665},
  series    = {Cohomology Theories},
  title     = {Cohomology Theories},
}

@article{ehresmann1934,
  author       = {Ehresmann, Charles},
  date         = {1934},
  journaltitle = {Ann. of Math.},
  number       = {35},
  pages        = {396--443},
  title        = {Sur la topologie de certains espaces homog{é}nes},
}

@article{ehresmann1953,
  author       = {Ehresmann, Charles},
  date         = {1953},
  journaltitle = {Colloque Internationale de Géometrie Différentielle,},
  pages        = {97--110},
  title        = {Introduction a la théorie des structures infinitésimales et des pseudo-groupes de Lie},
  volume       = {11},
}

@book{eilenbergsteenrod1952,
  author    = {Eilenberg, Samuel and Steenrod, Norman},
  publisher = {Princeton University Press},
  date      = {1952},
  title     = {Foundations of Algebraic Topology},
}

@article{godbillon-vey,
  author       = {Godbillon, C. and Vey, J.},
  url          = {https://aareyanmanzoor.github.io/assets/articles/Godbillon-Vey.pdf},
  date         = {1973},
  journaltitle = {C. R. Acad. Sci. Paris Sér. A-B 273},
  pages        = {A92--95},
  title        = {Jacques Un invariant des feuilletages de codimension 1},
}

@book{graves,
  author    = {Graves, L. M.},
  publisher = {McGraw-Hill},
  url       = {https://archive.org/details/in.ernet.dli.2015.74477},
  date      = {1957},
  edition   = {2},
  title     = {The Theory of Functions of Real Variables.},
  volume    = {41},
}

@book{gunning2009analytic,
  author    = {Gunning, R.C. and Rossi, H.},
  publisher = {AMS Chelsea Pub.},
  url       = {https://books.google.com/books?id=wsqFAwAAQBAJ},
  date      = {2009},
  isbn      = {9780821821657},
  series    = {AMS Chelsea Publishing Series},
  title     = {Analytic Functions of Several Complex Variables},
}

@article{halperinToledo,
  author       = {Halperin, Stephen and Toledo, Domingo},
  publisher    = {Annals of Mathematics},
  url          = {http://www.jstor.org/stable/1970823},
  date         = {1972},
  issn         = {0003486X},
  journaltitle = {Annals of Mathematics},
  number       = {3},
  pages        = {511--525},
  title        = {Stiefel-Whitney Homology Classes},
  urldate      = {2022-10-04},
  volume       = {96},
}

@book{hilbert1999geometry,
  author    = {Hilbert, D. and Cohn-Vossen, S.},
  publisher = {AMS Chelsea Pub.},
  url       = {https://books.google.com/books?id=7WY5AAAAQBAJ},
  date      = {1999},
  isbn      = {9780821819982},
  series    = {AMS Chelsea Publishing Series},
  title     = {Geometry and the Imagination},
}

@article{hilton1961,
  author       = {Palmer, D. G.},
  publisher    = {Cambridge University Press},
  doi          = {10.1017/S001309150000287X},
  journaltitle = {Proceedings of the Edinburgh Mathematical Society},
  number       = {3},
  pages        = {163--164},
  title        = {P. J. Hilton and S. Wylie, Homology Theory, an introduction to Algebraic Topology (Cambridge University Press, 1960), 484 pp., 75s.},
  volume       = {12},
}

@article{hirsch1959,
  author       = {Hirsch, Morris W.},
  url          = {https://doi.org/10.2307/1993453},
  date         = {1959},
  doi          = {10.2307/1993453},
  journaltitle = {Transactions of the American Mathematical Society},
  pages        = {242--276},
  title        = {Immersions of manifolds},
  volume       = {93},
}

@article{hirzebruch53,
  author       = {Hirzebruch, Friedrich},
  publisher    = {National Academy of Sciences},
  url          = {http://www.jstor.org/stable/88556},
  date         = {1953},
  issn         = {00278424},
  journaltitle = {Proceedings of the National Academy of Sciences of the United States of America},
  number       = {9},
  pages        = {951--956},
  title        = {On Steenrod's Reduced Powers, the Index of Inertia, and the Todd Genus},
  urldate      = {2022-10-06},
  volume       = {39},
}

@book{hirzebruchalggeo1966,
  author    = {Hirzebruch, Friedrich},
  publisher = {Springer-Verlag New York, Inc., New York},
  date      = {1966},
  edition   = {enlarged},
  pages     = {x+232},
  series    = {Die Grundlehren der Mathematischen Wissenschaften, Band 131},
  title     = {Topological Methods in Algebraic Geometry},
}

@book{hormander1973introduction,
  author    = {Hormander, L.},
  publisher = {Elsevier Science},
  url       = {https://books.google.com/books?id=MaM7AAAAQBAJ},
  date      = {1973},
  isbn      = {9780444105233},
  series    = {ISSN},
  title     = {An Introduction to Complex Analysis in Several Variables},
}

@article{hurewicz,
  author       = {Hurewicz, Witold},
  publisher    = {National Academy of Sciences},
  url          = {http://www.jstor.org/stable/89187},
  date         = {1955},
  issn         = {00278424},
  journaltitle = {Proceedings of the National Academy of Sciences of the United States of America},
  number       = {11},
  pages        = {956--961},
  title        = {On the Concept of Fiber Space},
  urldate      = {2022-10-06},
  volume       = {41},
}

@book{husemoller,
  author    = {Husemoller, Dale},
  publisher = {Springer-Verlag, New York},
  url       = {https://www.maths.ed.ac.uk/~v1ranick/papers/husemoller},
  date      = {1994},
  doi       = {10.1007/978-1-4757-2261-1},
  edition   = {Third},
  isbn      = {0-387-94087-1},
  pages     = {xx+353},
  series    = {Graduate Texts in Mathematics},
  title     = {Fibre bundles},
  volume    = {20},
}

@article{james1954,
  author       = {James, I. M. and Whitehead, J. H. C.},
  url          = {https://londmathsoc.onlinelibrary.wiley.com/doi/abs/10.1112/plms/s3-4.1.196},
  date         = {1954},
  doi          = {https://doi.org/10.1112/plms/s3-4.1.196},
  eprint       = {https://londmathsoc.onlinelibrary.wiley.com/doi/pdf/10.1112/plms/s3-4.1.196},
  journaltitle = {Proceedings of the London Mathematical Society},
  number       = {1},
  pages        = {196--218},
  title        = {The Homotopy Theory of Sphere Bundles Over Spheres (I)},
  volume       = {s3-4},
}

@article{james1971,
  author       = {James, I. M.},
  url          = {https://doi.org/10.1112/blms/3.3.257},
  date         = {1971},
  doi          = {10.1112/blms/3.3.257},
  journaltitle = {Bull. London Math. Soc.},
  pages        = {257--276},
  title        = {Euclidean models of projective spaces},
  volume       = {3},
}

@article{kahn,
  author       = {Kahn, Peter J.},
  publisher    = {Duke University Press},
  url          = {https://doi.org/10.1215/ijm/1256052281},
  date         = {1972},
  doi          = {10.1215/ijm/1256052281},
  journaltitle = {Illinois Journal of Mathematics},
  number       = {2},
  pages        = {243--256},
  title        = {{A note on topological Pontrjagin classes and the Hirzebruch index formula}},
  volume       = {16},
}

@book{kelley1955,
  author = {Kelley, John L.},
  date   = {1955},
  title  = {General topology},
}

@article{kervaire-milnor,
  author       = {Kervaire, Michel A. and Milnor, John W.},
  publisher    = {Annals of Mathematics},
  url          = {http://www.jstor.org/stable/1970128},
  date         = {1963},
  issn         = {0003486X},
  journaltitle = {Annals of Mathematics},
  number       = {3},
  pages        = {504--537},
  title        = {Groups of Homotopy Spheres: I},
  urldate      = {2022-10-06},
  volume       = {77},
}

@article{kervaire1958,
  author       = {Kervaire, Michel A.},
  url          = {https://doi.org/10.1073/pnas.44.3.280},
  date         = {1958},
  doi          = {10.1073/pnas.44.3.280},
  issn         = {0027-8424},
  journaltitle = {Proc. Natl. Acad. Sci. USA},
  number       = {3},
  pages        = {280--283},
  title        = {Non-parallelizability of the {$n$}-sphere for {$n>7$}},
  volume       = {44},
}

@article{Kirby1969OnTT,
  author       = {Kirby, Robion C. and Siebenmann, L. C.},
  url          = {https://www.ams.org/journals/bull/1969-75-04/S0002-9904-1969-12271-8/S0002-9904-1969-12271-8.pdf},
  date         = {1969},
  journaltitle = {Bulletin of the American Mathematical Society},
  pages        = {742--749},
  title        = {On the triangulation of manifolds and the Hauptvermutung},
  volume       = {75},
}

@article{kirster,
  author       = {Kister, J. M.},
  publisher    = {Annals of Mathematics},
  url          = {http://www.jstor.org/stable/1970498},
  date         = {1964},
  issn         = {0003486X},
  journaltitle = {Annals of Mathematics},
  number       = {1},
  pages        = {190--199},
  title        = {Microbundles are Fibre Bundles},
  urldate      = {2022-10-06},
  volume       = {80},
}

@article{kneser1958,
  author       = {Kneser, Hellmuth},
  date         = {1958},
  journaltitle = {Annales Academiæ Scientiarum Fennicæ},
  title        = {Analytische Struktur und Abzählbarkeit},
  volume       = {251/5},
}

@book{lang1965algebra,
  author    = {Lang, Serge},
  publisher = {Addison-Wesley Publishing Co., Inc., Reading, Mass.},
  url       = {https://math24.files.wordpress.com/2013/02/algebra-serge-lang.pdf},
  date      = {1965},
  pages     = {xvii+508},
  title     = {Algebra},
}

@book{langmanifold,
  author    = {Lang, Serge},
  publisher = {Interscience Publishers (a division of John Wiley \& Sons, Inc.), New York-London},
  date      = {1962},
  pages     = {x+126},
  title     = {Introduction to Differentiable Manifolds},
}

@book{lundellweingram1969,
  author    = {Lundell, Albert T. and Weingram, Stephen},
  publisher = {Van Nostrand Reinhold Co., New York},
  url       = {https://doi.org/10.1007/978-1-4684-6254-8},
  date      = {1969},
  doi       = {10.1007/978-1-4684-6254-8},
  pages     = {viii+216},
  series    = {The University Series in Higher Mathematics},
  title     = {The topology of {CW} complexes},
}

@book{maclane1999algebra,
  author    = {Lane, S.M. and Birkhoff, G.},
  publisher = {Chelsea Publishing Company},
  url       = {https://www.maa.org/press/maa-reviews/algebra-1},
  date      = {1999},
  isbn      = {9780821816462},
  series    = {AMS Chelsea Publishing Series},
  title     = {Algebra},
}

@book{macmahon2001combinatory,
  author    = {MacMahon, P.A.},
  publisher = {American Mathematical Society},
  url       = {https://archive.org/details/combinatoryanal01macmuoft/page/34/mode/2up},
  date      = {2001},
  isbn      = {9780821828328},
  series    = {AMS Chelsea Publishing Series},
  title     = {Combinatory Analysis, Volumes I and II},
}

@book{may2006geometry,
  author    = {May, J.P.},
  publisher = {Springer Berlin Heidelberg},
  url       = {https://citeseerx.ist.psu.edu/viewdoc/download?doi=10.1.1.170.2840&rep=rep1&type=pdf},
  date      = {2006},
  isbn      = {9783540376033},
  series    = {Lecture Notes in Mathematics},
  title     = {The Geometry of Iterated Loop Spaces},
}

@article{milgram,
  author       = {Milgram, R. James},
  publisher    = {Annals of Mathematics},
  url          = {http://www.jstor.org/stable/1970836},
  date         = {1970},
  issn         = {0003486X},
  journaltitle = {Annals of Mathematics},
  number       = {2},
  pages        = {238--261},
  title        = {The Mod 2 Spherical Characteristic Classes},
  urldate      = {2022-10-06},
  volume       = {92},
}

@article{milnor1956,
  author       = {Milnor, John},
  publisher    = {Annals of Mathematics},
  url          = {http://www.jstor.org/stable/1969983},
  date         = {1956},
  issn         = {0003486X},
  journaltitle = {Annals of Mathematics},
  number       = {2},
  pages        = {399--405},
  title        = {On Manifolds Homeomorphic to the 7-Sphere},
  urldate      = {2022-10-06},
  volume       = {64},
}

@book{milnor1965,
  author    = {Milnor, J. and Weaver, D.W.},
  publisher = {Princeton University Press},
  url       = {https://math.uchicago.edu/~may/REU2017/MilnorDiff.pdf},
  date      = {1997},
  isbn      = {9780691048338},
  series    = {Princeton Landmarks in Mathematics and Physics},
  title     = {Topology from the Differentiable Viewpoint},
}

@article{milnor1968,
  author       = {Milnor, J.},
  date         = {1968},
  doi          = {https://doi.org/10.1007/BF02564380},
  journaltitle = {Commentarii Mathematici Helvetici},
  number       = {1},
  pages        = {51--77},
  title        = {On characteristic classes for spherical fibre spaces},
  volume       = {43},
}

@article{miyazaki1952,
  author       = {Miyazaki, Hiroshi},
  publisher    = {Mathematical Institute, Tohoku University},
  date         = {1952},
  journaltitle = {Tohoku Mathematical Journal, Second Series},
  number       = {3},
  pages        = {309--313},
  title        = {The paracompactness of CW-complexes},
  volume       = {4},
}

@article{munkres1964,
  author       = {Munkres, James},
  publisher    = {Duke University Press},
  url          = {https://doi.org/10.1215/ijm/1256059559},
  date         = {1964},
  journaltitle = {Illinois Journal of Mathematics},
  number       = {3},
  pages        = {361--376},
  title        = {{Obstructions to imposing differentiable structures}},
  volume       = {8},
}

@article{munkres1968,
  author       = {Munkres, James R.},
  publisher    = {Duke University Press},
  url          = {https://doi.org/10.1215/ijm/1256053962},
  date         = {1968},
  journaltitle = {Illinois Journal of Mathematics},
  number       = {4},
  pages        = {610--615},
  title        = {{Compatibility of imposed differentiable structures}},
  volume       = {12},
}

@book{munkres2000topology,
  author    = {Munkres, J.R.},
  publisher = {Prentice Hall, Incorporated},
  url       = {http://mathcenter.spb.ru/nikaan/2019/topology/4.pdf},
  date      = {2000},
  isbn      = {9780131816299},
  series    = {Featured Titles for Topology},
  title     = {Topology},
}

@article{newlander,
  author       = {Newlander, A. and Nirenberg, L.},
  publisher    = {Annals of Mathematics},
  url          = {http://www.jstor.org/stable/1970051},
  date         = {1957},
  issn         = {0003486X},
  journaltitle = {Annals of Mathematics},
  number       = {3},
  pages        = {391--404},
  title        = {Complex Analytic Coordinates in Almost Complex Manifolds},
  urldate      = {2022-10-04},
  volume       = {65},
}

@book{nomizu1956,
  author    = {Nomizu, Katsumi},
  publisher = {Mathematical Society of Japan},
  date      = {1956},
  title     = {Lie groups and differential geometry},
}

@article{Novikov_1967,
  author       = {Novikov, S P},
  publisher    = {{IOP} Publishing},
  url          = {https://ncatlab.org/nlab/files/Novikov67.pdf},
  date         = {1967-08},
  doi          = {10.1070/im1967v001n04abeh000591},
  journaltitle = {Mathematics of the {USSR}-Izvestiya},
  number       = {4},
  pages        = {827--913},
  title        = {{The} {methods} {of} {algebraic} {topology} {from} {the} {viewpoint} {of} {cobordism} {theory}},
  volume       = {1},
}

@article{novikov1964,
  author       = {Novikov, S. P.},
  url          = {https://homepage.mi-ras.ru/~snovikov/10.pdf},
  date         = {1964},
  journaltitle = {I, Izv. Akad. Nauk SSSR Ser. Mat},
  pages        = {365--474},
  title        = {Homotopically equivalent smooth manifolds},
  volume       = {28},
}

@article{novikov1966,
  author       = {S. P. Novikov},
  url          = {http://www.mathnet.ru/php/archive.phtml?wshow=paper&jrnid=im&paperid=2826&option_lang=eng},
  date         = {1966},
  issue        = {1},
  journaltitle = {Izv. Akad. Nauk SSSR Ser. Mat.},
  note         = {Translation to english in https://www.maths.ed.ac.uk/~v1ranick/papers/nov001.pdf},
  pages        = {207--246},
  title        = {On manifolds with free abelian fundamental group and their application},
  volume       = {30},
}

@book{ostmann1956,
  author    = {Ostmann, Hans-Heinrich},
  publisher = {Springer-Verlag, Berlin-Göttingen-Heidelberg},
  date      = {1956},
  series    = {Ergebnisse der Mathematik und ihrer Grenzgebiete, (N.F.), Hefte 7},
  title     = {Additive {Z}ahlentheorie. {E}rster {T}eil: {A}llgemeine {U}ntersuchungen. {Z}weiter {T}eil: {S}pezielle {Z}ahlenmengen},
  volume    = {11},
}

@article{pedoe_1939,
  author       = {Pedoe, D.},
  publisher    = {Cambridge University Press},
  date         = {1939},
  doi          = {10.2307/3606190},
  journaltitle = {The Mathematical Gazette},
  number       = {256},
  pages        = {405--406},
  title        = {Einführung in die Algebraische Geometrie. By B. L. van der Waerden. Pp. vii, 247. RM. 18; geb. RM. 19.50. 1939. Die Grundlehren der Mathematischen Wissenschaften, 51. (Springer)},
  volume       = {23},
}

@article{pontryagin1947,
  author       = {Pontryagin, Lev Semenovich},
  publisher    = {Russian Academy of Sciences, Steklov Mathematical Institute of Russian},
  date         = {1947},
  journaltitle = {{Matematicheskiı̆ Sbornik. Novaya Seriya}},
  number       = {2},
  pages        = {233--284},
  title        = {Characteristic cycles on differentiable manifolds},
  volume       = {63},
}

@article{Ravenel1972,
  author       = {Ravenel, Douglas C.},
  url          = {http://eudml.org/doc/139524},
  date         = {1972},
  journaltitle = {Commentarii mathematici Helvetici},
  pages        = {421--436},
  title        = {A Definition of Exotic Characteristic Classes of Spherical Fibrations},
  volume       = {47},
}

@article{rokhlin,
  author       = {Rokhlin, V.A},
  date         = {1951},
  journaltitle = {Dokl. Akad. Nauk SSSR},
  pages        = {355--357},
  title        = {A three-dimensional manifold is the boundary of a fourdimensional one},
  volume       = {81},
}

@article{rokhlin1957,
  author       = {V. A. Rokhlin, A. S. Schwarz},
  url          = {http://www.mathnet.ru/php/archive.phtml?wshow=paper&jrnid=dan&paperid=21973&option_lang=eng},
  date         = {1957},
  issue        = {3},
  journaltitle = {Dokl. Akad. Nauk SSSR},
  pages        = {490--493},
  title        = {The combinatorial invariance of Pontrjagin classes},
}

@book{rourke2012introduction,
  author    = {Rourke, C.P. and Sanderson, B.J.},
  publisher = {Springer Berlin Heidelberg},
  url       = {https://books.google.com/books?id=j6LvCAAAQBAJ},
  date      = {2012},
  isbn      = {9783642817359},
  series    = {Springer Study Edition},
  title     = {Introduction to Piecewise-Linear Topology},
}

@article{sard,
  author       = {Sard, Arthur},
  publisher    = {American Mathematical Society},
  date         = {1942},
  doi          = {https://doi.org/bams/1183504867},
  journaltitle = {Bulletin of the American Mathematical Society},
  number       = {12},
  pages        = {883--890},
  title        = {The measure of the critical values of differentiable maps},
  volume       = {48},
}

@book{schubert,
  author    = {Schubert, Hermann},
  publisher = {Springer Berlin, Heidelberg},
  doi       = {https://doi.org/10.1007/978-3-642-67228-6},
  isbn      = {978-3-642-67228-6},
  title     = {Kalkül der abzählenden Geometrie},
}

@article{SEGAL1974293,
  author       = {Segal, Graeme},
  url          = {https://www.sciencedirect.com/science/article/pii/0040938374900226},
  date         = {1974},
  doi          = {https://doi.org/10.1016/0040-9383(74)90022-6},
  issn         = {0040-9383},
  journaltitle = {Topology},
  number       = {3},
  pages        = {293--312},
  title        = {Categories and cohomology theories},
  volume       = {13},
}

@article{serre,
  author       = {Serre, Jean-Pierre},
  publisher    = {Annals of Mathematics},
  url          = {https://people.math.rochester.edu/faculty/doug/otherpapers/Serre-Classes.pdf},
  date         = {1953},
  issn         = {0003486X},
  journaltitle = {Annals of Mathematics},
  number       = {2},
  pages        = {258--294},
  title        = {Groupes D'Homotopie Et Classes De Groupes Abeliens},
  urldate      = {2022-10-06},
  volume       = {58},
}

@article{shimada,
  author       = {Shimada, Nobuo},
  url          = {https://doi.org/nmj/1118799928},
  date         = {1957},
  journaltitle = {Nagoya Mathematical Journal},
  pages        = {59--69},
  title        = {Differentiable structures on the 15-sphere and Pontrjagin classes of certain manifolds},
  volume       = {12},
}

@article{smale1959,
  author       = {Smale, Stephen},
  url          = {https://doi.org/10.2307/1970186},
  date         = {1959},
  doi          = {10.2307/1970186},
  journaltitle = {Ann. of Math. (2)},
  pages        = {327--344},
  title        = {The classification of immersions of spheres in {E}uclidean spaces},
  volume       = {69},
}

@article{spanier-whitehead,
  author       = {Spanier, E. H. and Whitehead, J. H. C.},
  url          = {https://aareyanmanzoor.github.io/assets/articles/spanier-whitehead.pdf},
  date         = {1955},
  doi          = {https://doi.org/10.1112/S002557930000070X},
  journaltitle = {Mathematika},
  number       = {1},
  pages        = {56--80},
  title        = {Duality in homotopy theory},
  volume       = {2},
}

@book{spanier1981,
  author    = {Spanier, Edwin H.},
  publisher = {Springer-Verlag, New York-Berlin},
  date      = {1981},
  isbn      = {0-387-90646-0},
  pages     = {xvi+528},
  title     = {Algebraic topology},
}

@thesis{spivak,
  author       = {Spivak, Micheal D.},
  language     = {English},
  url          = {http://login.ezproxy1.lib.asu.edu/login?url=https://www.proquest.com/dissertations-theses/on-spaces-satisfying-poincare-duality/docview/302162093/se-2},
  date         = {1964},
  isbn         = {9781083959713},
  journaltitle = {ProQuest Dissertations and Theses},
  keywords     = {Pure sciences; Mathematics; 0405:Mathematics},
  note         = {Copyright - Database copyright ProQuest LLC; ProQuest does not claim copyright in the individual underlying works; Last updated - 2021-09-28},
  pages        = {100},
  title        = {ON SPACES SATISFYING POINCARE DUALITY},
  type         = {phdthesis},
}

@article{stasheff1963,
  author       = {Stasheff, James},
  date         = {1963},
  doi          = {https://doi.org/10.1016/0040-9383(63)90006-5},
  issn         = {0040-9383},
  journaltitle = {Topology},
  number       = {3},
  pages        = {239--246},
  title        = {A classification theorem for fibre spaces},
  volume       = {2},
}

@article{stasheff1968,
  author       = {Stasheff, James},
  date         = {1968},
  doi          = {10.1007/bf02564381},
  journaltitle = {Commentarii Mathematici Helvetici},
  number       = {1},
  pages        = {78--86},
  title        = {More characteristic classes for spherical fibre spaces},
  volume       = {43},
}

@book{steenrod1951,
  author    = {Steenrod, Norman},
  publisher = {Princeton University Press},
  date      = {1951},
  title     = {The topology of fiber bundles},
}

@book{steenrod1962cohomology,
  abstract  = {Written and revised by D. B. A. Epstein.},
  author    = {Steenrod, N. E. and Epstein, D. B. A.},
  publisher = {Princeton University Press},
  url       = {https://people.math.rochester.edu/faculty/doug/otherpapers/steenrod-epstein.pdf},
  date      = {1962},
  isbn      = {9780691079240},
  title     = {Cohomology Operations (AM-50): Lectures by N.E. Steenrod. (AM-50)},
  urldate   = {2022-10-02},
}

@article{steenrodwhitehead1951,
  author       = {Whitehead, J. H. C. and Steenrod, N. E.},
  url          = {https://www.jstor.org/stable/88217},
  date         = {1951},
  journaltitle = {Proc. Nat. Acad. Sci},
  pages        = {58--63},
  title        = {Vector fields on the {$n$}-sphere},
  volume       = {37},
}

@book{sternberg1999lectures,
  author    = {Sternberg, S.},
  publisher = {American Mathematical Society},
  url       = {https://books.google.com/books?id=JuYODAAAQBAJ},
  date      = {1999},
  isbn      = {9780821813850},
  series    = {AMS Chelsea Publishing Series},
  title     = {Lectures on Differential Geometry},
}

@article{stiefel1936,
  author       = {Stiefel, Eduard},
  url          = {https://doi.org/10.1007/BF01199559},
  date         = {1935},
  doi          = {10.1007/BF01199559},
  journaltitle = {Comment. Math. Helv.},
  number       = {1},
  pages        = {305--353},
  title        = {Richtungsfelder und {F}ernparallelismus in {$n$}-dimensionalen {M}annigfaltigkeiten},
  volume       = {8},
}

@book{stongcobordism1968,
  author    = {Stong, Robert E.},
  publisher = {Princeton University Press},
  date      = {1968},
  series    = {Princeton Legacy Library},
  title     = {Notes on cobordism theory},
}

@book{sullivan_2006,
  author    = {Sullivan, Dennis Parnell},
  publisher = {Science Press},
  url       = {https://www.maths.ed.ac.uk/~v1ranick/books/gtop.pdf},
  date      = {2006},
  title     = {Geometric topology: Localization, periodicity and Galois symmetry},
}

@article{Swan1962VectorBA,
  author       = {Swan, Richard G.},
  url          = {https://www.ams.org/journals/tran/1962-105-02/S0002-9947-1962-0143225-6/},
  date         = {1962},
  journaltitle = {Transactions of the American Mathematical Society},
  pages        = {264--277},
  title        = {Vector bundles and projective modules},
  volume       = {105},
}

@article{szczarba,
  author       = {Szczarba, R. H.},
  publisher    = {Johns Hopkins University Press},
  url          = {http://www.jstor.org/stable/2373152},
  date         = {1964},
  issn         = {00029327, 10806377},
  journaltitle = {American Journal of Mathematics},
  number       = {4},
  pages        = {685--697},
  title        = {On Tangent Bundles of Fibre Spaces and Quotient Spaces},
  urldate      = {2022-10-06},
  volume       = {86},
}

@article{tamura,
  author       = {Tamura, Itiro},
  publisher    = {Mathematical Society of Japan},
  url          = {https://doi.org/10.2969/jmsj/00920250},
  date         = {1957},
  journaltitle = {Journal of the Mathematical Society of Japan},
  number       = {2},
  pages        = {250--262},
  title        = {On Pontrjagin classes and homotopy types of manifolds.},
  volume       = {9},
}

@article{thom1955-6,
  author       = {Thom, René},
  language     = {fr},
  location     = {Gap},
  publisher    = {Imprimerie Louis-Jean},
  url          = {http://www.numdam.org/articles/10.5802/aif.60/},
  date         = {1956},
  doi          = {10.5802/aif.60},
  journaltitle = {Annales de l'Institut Fourier},
  pages        = {43--87},
  title        = {Les singularités des applications différentiables},
  volume       = {6},
}

@article{thom1968,
  author       = {Thom, R.},
  publisher    = {Universidad Nacional Autónoma de México and UNESCO, Mexico City},
  url          = {https://aareyanmanzoor.github.io/assets/articles/thom1958.pdf},
  date         = {1958},
  journaltitle = {Symposium internacional de topología algebraica International symposium on algebraic topology},
  pages        = {54--67},
  title        = {Les classes caractéristiques de Pontrjagin des variétés triangulées},
}

@article{thurston,
  author       = {Thurston, William},
  publisher    = {American Mathematical Society},
  url          = {https://doi.org/bams/1183533882},
  date         = {1972},
  journaltitle = {Bulletin of the American Mathematical Society},
  number       = {4},
  pages        = {511--514},
  title        = {{Noncobordant foliations of $S^3 $}},
  volume       = {78},
}

@book{waerden1970,
  author    = {van der Waerden, B.L.},
  publisher = {Springer New York, NY},
  url       = {http://www.ru.ac.bd/stat/wp-content/uploads/sites/25/2019/03/104_09_01_van-der-Waerden-B.L.-Modern-Algebra-I-1949.pdf},
  date      = {1970},
  isbn      = {978-0-387-40624-4},
  title     = {Modern Algebra},
}

@article{wall,
  author       = {Wall, C. T. C.},
  publisher    = {Annals of Mathematics},
  url          = {http://www.jstor.org/stable/1970136},
  date         = {1960},
  issn         = {0003486X},
  journaltitle = {Annals of Mathematics},
  number       = {2},
  pages        = {292--311},
  title        = {Determination of the Cobordism Ring},
  urldate      = {2022-10-05},
  volume       = {72},
}

@article{whitehead1961,
  author       = {Whitehead, J. H. C.},
  date         = {1961},
  journaltitle = {Annals of Math.},
  pages        = {154--212},
  title        = {Manifolds with transverse fields in Euclidean space},
  volume       = {73},
}

@article{whitney1936,
  author       = {Whitney, Hassler},
  url          = {https://doi.org/10.2307/1968482},
  date         = {1936},
  doi          = {10.2307/1968482},
  issn         = {0003-486X},
  journaltitle = {Ann. of Math. (2)},
  number       = {3},
  pages        = {645--680},
  title        = {Differentiable manifolds},
  volume       = {37},
}

@article{whitney1944,
  author       = {Whitney, Hassler},
  url          = {https://doi.org/10.2307/1969266},
  date         = {1944},
  doi          = {10.2307/1969266},
  journaltitle = {Ann. of Math. (2)},
  pages        = {247--293},
  title        = {The singularities of a smooth {$n$}-manifold in {$(2n-1)$}-space},
  volume       = {45},
}

@book{whitney1957,
  author    = {Whitney, Hassler},
  publisher = {Princeton University Press},
  date      = {1957},
  series    = {Princeton Legacy Library},
  title     = {Geometric Integration Theory},
}

@incollection{whitneydiffman1941,
  author    = {Whitney, Hassler},
  publisher = {University of Michigan Press, Ann Arbor, Mich.},
  booktitle = {Lectures in {T}opology},
  date      = {1941},
  pages     = {101--141},
  title     = {On the topology of differentiable manifolds},
}

@article{whitneysphere1940,
  author       = {Whitney, Hassler},
  publisher    = {National Academy of Sciences},
  date         = {1940},
  journaltitle = {Proceedings of the National Academy of Sciences of the United States of America},
  number       = {2},
  pages        = {148--153},
  title        = {On the theory of sphere-bundles},
  volume       = {26},
}

@article{williamson,
  author       = {Williamson, Robert E.},
  publisher    = {Annals of Mathematics},
  url          = {http://www.jstor.org/stable/1970467},
  date         = {1966},
  issn         = {0003486X},
  journaltitle = {Annals of Mathematics},
  number       = {1},
  pages        = {1--33},
  title        = {Cobordism of Combinatorial Manifolds},
  urldate      = {2022-10-06},
  volume       = {83},
}

@article{wu1948,
  author       = {Wu, Wen-tsun},
  url          = {https://doi.org/10.2307/1969049},
  date         = {1948},
  doi          = {10.2307/1969049},
  journaltitle = {Ann. of Math. (2)},
  pages        = {641--653},
  title        = {On the product of sphere bundles and the duality theorem modulo two},
  volume       = {49},
}

@ARTICLE{connerfloyd,
    author = {P.E. Conner and E.E. Floyd},
    title = {The Relation of Cobordism to K-theories},
    journal = {Lecture Notes in Mathematics},
    volume = {28},
    year = {1966},
    publisher = {Springer-Verlag Berlin-Heidelberg-New York},
    url = {https://www.maths.ed.ac.uk/~v1ranick/surgery/cf.pdf},
}

@ARTICLE{whitehead,
    author = {G.W. Whitehead},
    title = {Generalized homology theories},
    journal = {Trans. Amer. Math. Soc},
    volume = {102},
    year = {1962},
    pages = {227--283},
    url = {https://www.ams.org/journals/tran/1962-102-02/S0002-9947-1962-0137117-6/S0002-9947-1962-0137117-6.pdf},
}

@article{shih1965,
    author = {Une remarque sur les classes de Thorn},
    journal = {C. R. Acad. Sci. Paris},
    year = {1965},
    volume = {260},
    pages = {6259-6262},
    url = {https://aareyanmanzoor.github.io/assets/articles/shih1965.pdf},
}

@book{vick_1994,
place={New York},
title={Homology theory: An introduction to algebraic topology}, 
publisher={Springer-Verlag}, 
author={Vick, James W.}, 
year={1994},
url = {https://archive.org/details/springer_10.1007-978-1-4612-0881-5}} 

@book{hilton1967homology,
  title={Homology Theory: An Introduction to Algebraic Topology},
  author={Hilton, P.J. and Wylie, S.},
  isbn={9780521094221},
  lccn={68078372},
  url={https://books.google.com/books?id=Y-w3AAAAIAAJ},
  year={1967},
  publisher={Cambridge University Press}
}

 @book{maclane_1975,
 place={New York, NY}, 
 title={Homology}, 
 publisher={Springer}, 
 author={MacLane, Saunders}, 
 year={1975},
 url = {https://www.maths.ed.ac.uk/~v1ranick/papers/maclane_homology.pdf}} 
 
 @book{kaplansky2018infinite,
  title={Infinite Abelian Groups},
  author={Kaplansky, I.},
  isbn={9780486828503},
  lccn={2018011854},
  series={Dover Books on Mathematics},
  url={https://books.google.com/books?id=7Hd1DwAAQBAJ},
  year={2018},
  publisher={Dover Publications}
}

@book{cartan1956homological,
  title={Homological Algebra},
  author={Cartan, H. and Eilenberg, S.},
  isbn={9780674079779},
  lccn={lc53010148},
  series={Princeton mathematical series},
  url={http://www.math.stonybrook.edu/~mmovshev/BOOKS/homologicalalgeb033541mbp.pdf},
  year={1956},
  publisher={Princeton University Press}
}

@book{hardy2008introduction,
  title={An Introduction to the Theory of Numbers},
  author={Hardy, G.H. and Wright, E.M. and Heath-Brown, D.R. and Heath-Brown, R. and Silverman, J. and Wiles, A.},
  isbn={9780199219865},
  lccn={2008279092},
  series={Oxford mathematics},
  url={https://blngcc.files.wordpress.com/2008/11/hardy-wright-theory_of_numbers.pdf},
  year={2008},
  publisher={OUP Oxford}
}

@book{borevich1986number,
  title={Number Theory},
  author={Borevich, Z.I. and Shafarevich, I.R.},
  isbn={9780080873329},
  series={ISSN},
  url={https://www.maths.ed.ac.uk/~v1ranick/papers/borevich.pdf},
  year={1986},
  publisher={Elsevier Science}
}

@article{mahowald,
author = {Mark Mahowald},
title = {The order of the image of the $J$-homomorphism},
volume = {76},
journal = {Bulletin of the American Mathematical Society},
number = {6},
publisher = {American Mathematical Society},
pages = {1310 -- 1313},
year = {1970},
URL = {https://doi.org/bams/1183532412}
}

@book{nielson,
author = {Nielsen, N.},
title = {Trait\'e \'el\'ementaire des nombres de Bernoulli},
publisher = {Gauthier-Villars},
location = {Paris},
year = {1923},
url = {https://gallica.bnf.fr/ark:/12148/bpt6k62119c.texteImage},
}

@article{bott-chern,
author = {Raoul Bott and S. S. Chern},
title = {{Hermitian vector bundles and the equidistribution of the zeroes of their holomorphic sections}},
volume = {114},
journal = {Acta Mathematica},
number = {none},
publisher = {Institut Mittag-Leffler},
pages = {71 -- 112},
year = {1965},
URL = {https://doi.org/10.1007/BF02391818}
}

@book{warner2013foundations,
  title={Foundations of Differentiable Manifolds and Lie Groups},
  author={Warner, F.W.},
  isbn={9781475717990},
  series={Graduate Texts in Mathematics},
  url={https://books.google.com/books?id=S\_7lBwAAQBAJ},
  year={2013},
  publisher={Springer New York}
}

@article{peetre,
 ISSN = {00255521, 19031807},
 URL = {http://www.jstor.org/stable/24489021},
 author = {Jaak Peetre},
 journal = {Mathematica Scandinavica},
 number = {1},
 pages = {211--218},
 publisher = {Mathematica Scandinavica},
 title = {UNE CARACTÉRISATION ABSTRAITE DES OPÉRATEURS DIFFÉRENTIELS},
 urldate = {2022-10-07},
 volume = {7},
 year = {1959}
}

@book{kobayashi1963foundations,
  title={Foundations of Differential Geometry},
  author={Kobayashi, S. and Nomizu, K.},
  number={v. 1},
  isbn={9780470496480},
  lccn={68019209},
  series={Foundations of Differential Geometry},
  url={https://books.google.com/books?id=wn4pAQAAMAAJ},
  year={1963},
  publisher={Interscience Publishers}
}

@book{bourbaki1998algebra,
  title={Algebra I: Chapters 1-3},
  author={Bourbaki, N.},
  isbn={9783540642435},
  lccn={88031211},
  series={Actualit{\'e}s scientifiques et industrielles},
  url={http://www.cmat.edu.uy/~marclan/TM/Algebra\%20i\%20-\%20Bourbaki.pdf},
  year={1998},
  publisher={Springer}
}

@article{bott-heitsch,
title = {A remark on the integral cohomology of $B\Gamma_q$},
journal = {Topology},
volume = {11},
number = {2},
pages = {141-146},
year = {1972},
issn = {0040-9383},
url = {https://doi.org/10.1016/0040-9383(72)90001-8},
author = {Raoul Bott and James Heitsch}
}

@article{Milnor1958,
author = {Milnor, John},
journal = {Commentarii mathematici Helvetici},
keywords = {differential geometry},
pages = {215-223},
title = {On the existence of a connection with curvature zero.},
url = {http://eudml.org/doc/139154},
volume = {32},
year = {1958},
}

@article{wood,
author = {Wood, John W.},
journal = {Commentarii mathematici Helvetici},
pages = {257-273},
title = {Bundles with Totally Disconnected Structure Group},
url = {http://eudml.org/doc/139476},
volume = {46},
year = {1971},
}

@book{springer2001introduction,
  title={Introduction to Riemann Surfaces},
  author={Springer, G.},
  isbn={9780821831564},
  lccn={80067978},
  series={AMS Chelsea Publishing Series},
  url={https://books.google.com/books?id=4ivXSC6\_whcC},
  year={2001},
  publisher={American Mathematical Society}
}

@book{hatcher2002algebraic,
  title={Algebraic Topology},
  author={Hatcher, A.},
  isbn={9780521795401},
  lccn={00065166},
  series={Algebraic Topology},
  url={https://pi.math.cornell.edu/~hatcher/AT/AT.pdf},
  year={2002},
  publisher={Cambridge University Press}
}
