@article{1,
  title={Vari{\'e}t{\'e}s {D}iff{\'e}rentiables, {H}ermann, {P}aris, 1960},
  author={De Rham, G},
  journal={Differentiable Manifolds},
  year={1984}
}

@book {2,
	AUTHOR = {Eilenberg, Samuel and Steenrod, Norman},
	TITLE = {Foundations of Algebraic Topology},
	PUBLISHER = {Princeton University Press, Princeton, New Jersey},
	YEAR = {1952},
	PAGES = {xv+328},
	MRCLASS = {56.0X},
	MRNUMBER = {0050886},
	MRREVIEWER = {H. Cartan},
}

@book {3,
	AUTHOR = {Lang, Serge},
	TITLE = {Introduction to Differentiable Manifolds},
	PUBLISHER = {Interscience Publishers (a division of John Wiley \& Sons,
		Inc.),  New York-London},
	YEAR = {1962},
	PAGES = {x+126},
	MRCLASS = {53.40 (57.50)},
	MRNUMBER = {0155257},
	MRREVIEWER = {S. Murakami},
}

@book {4,
	AUTHOR = {Milnor, John W.},
	TITLE = {Morse Theory (Based on lecture notes by M. Spivak and R. Wells)},
	SERIES ={Annals of
	Mathematics Studies, No. 51},
	PUBLISHER = {Princeton University Press, Princeton, N.J.},
	YEAR = {1963},
	PAGES = {vi+153},
	MRCLASS = {57.50 (53.72)},
	MRNUMBER = {0163331},
	MRREVIEWER = {H. I. Levine},
}

@book {5,
	AUTHOR = {Munkres, James R.},
	TITLE = {Elementary Differential Topology},
	SERIES = {Lectures given at Massachusetts Institute of Technology, Fall},
	VOLUME = {1961},
	PUBLISHER = {Princeton University Press, Princeton, N.J.},
	YEAR = {1963},
	PAGES = {xi+107pp},
	MRCLASS = {57.00 (53.45)},
	MRNUMBER = {0163320},
	MRREVIEWER = {M. W. Hirsch},
}

@article {6,
	AUTHOR = {Smale, Stephen},
	TITLE = {On the Structure of Manifolds},
	JOURNAL = {Amer. J. Math.},
	FJOURNAL = {American Journal of Mathematics},
	VOLUME = {84},
	YEAR = {1962},
	PAGES = {387--399},
	ISSN = {0002-9327},
	MRCLASS = {57.10},
	MRNUMBER = {153022},
	MRREVIEWER = {A. Dold},
	DOI = {10.2307/2372978},
	URL = {https://doi.org/10.2307/2372978},
}

@article {7,
	AUTHOR = {Whitney, Hassler},
	TITLE = {The Self-intersections of a Smooth {$n$}-Manifold in
	{$2n$}-Space},
	JOURNAL = {Ann. of Math. (2)},
	FJOURNAL = {Annals of Mathematics. Second Series},
	VOLUME = {45},
	YEAR = {1944},
	PAGES = {220--246},
	ISSN = {0003-486X},
	MRCLASS = {56.0X},
	MRNUMBER = {10274},
	DOI = {10.2307/1969265},
	URL = {https://doi.org/10.2307/1969265},
}

@article {8,
	AUTHOR = {Smale, Stephen},
	TITLE = {On Gradient Dynamical Systems},
	JOURNAL = {Ann. of Math. (2)},
	FJOURNAL = {Annals of Mathematics. Second Series},
	VOLUME = {74},
	YEAR = {1961},
	PAGES = {199--206},
	ISSN = {0003-486X},
	MRCLASS = {34.65 (57.48)},
	MRNUMBER = {133139},
	DOI = {10.2307/1970311},
	URL = {https://doi.org/10.2307/1970311},
}

@article {9,
	AUTHOR = {Wallace, Andrew H.},
	TITLE = {Modifications and Cobounding Manifolds},
	JOURNAL = {Canadian J. Math.},
	FJOURNAL = {Canadian Journal of Mathematics. Journal Canadien de
	Math\'{e}matiques},
	VOLUME = {12},
	YEAR = {1960},
	PAGES = {503--528},
	ISSN = {0008-414X},
	MRCLASS = {57.10},
	MRNUMBER = {125588},
	MRREVIEWER = {Morris W. Hirsch},
	DOI = {10.4153/CJM-1960-045-7},
	URL = {https://doi.org/10.4153/CJM-1960-045-7},
}

@book{10,
	title={The Sard-Brown Theorem and Elementary Topology},
	author={Milnor, John W.},
	year={1964},
	publisher={Mimeographed Princeton University}
}


@proceedings {11,
	TITLE = {Differential and Combinatorial Topology. {A} {S}ymposium in
	{H}onor of {M}arston {M}orse},
	Editor = {Cairns, Stewart S.},
	PUBLISHER = {Princeton University Press, Princeton, N.J.},
	YEAR = {1965},
	PAGES = {vii+265 pp (1 plate)},
	MRCLASS = {57.00},
	MRNUMBER = {0177419},
}

@book{12,
	title={Differential Structures},
	author={Milnor, John W.},
	year={1961},
	publisher={Lecture Notes Mimeographed, Princeton University}
}

@article{13,
	title={La Classification des Immersions D'apr{\`e}s Smale},
	author={Thom, Ren{\'e}},
	journal={S{\'e}minaire Bourbaki, December},
	year={1957}
}

@book {14,
	AUTHOR = {Milnor, John W. and Stasheff, James D.},
	TITLE = {Characteristic Classes},
	SERIES = {Annals of Mathematics Studies, No. 76},
	PUBLISHER = {Princeton University Press, Princeton, N. J.; University of
	Tokyo Press, Tokyo},
	YEAR = {1974},
	PAGES = {vii+331},
	MRCLASS = {57-01 (55-02 55F40 57D20)},
	MRNUMBER = {0440554},
	MRREVIEWER = {F. Hirzebruch},
}

@book {15,
	AUTHOR = {Milnor, John W.},
	TITLE = {Differential Topology},
	NOTE = {Notes by J. Munkres},
	PUBLISHER = {Mimeographed Princeton University},
	YEAR = {1958}
}

@article {16,
	AUTHOR = {Whitney, Hassler},
	TITLE = {Differentiable manifolds},
	JOURNAL = {Ann. of Math. (2)},
	FJOURNAL = {Annals of Mathematics. Second Series},
	VOLUME = {37},
	YEAR = {1936},
	NUMBER = {3},
	PAGES = {645--680},
	ISSN = {0003-486X},
	MRCLASS = {DML},
	MRNUMBER = {1503303},
	DOI = {10.2307/1968482},
	URL = {https://doi.org/10.2307/1968482},
}

@book {17,
	AUTHOR = {Crowell, Richard H. and Fox, Ralph H.},
	TITLE = {Introduction to Knot Theory},
	SERIES = {Based upon lectures given at Haverford College under the
	Philips Lecture Program},
	PUBLISHER = {Ginn and Co., Boston, Mass.},
	YEAR = {1963},
	PAGES = {x+182},
	MRCLASS = {55.10},
	MRNUMBER = {0146828},
	MRREVIEWER = {L. Neuwirth},
}

@book {18,
	AUTHOR = {Steenrod, Norman},
	TITLE = {The Topology of Fibre Bundles},
	SERIES = {Princeton Mathematical Series, vol. 14},
	PUBLISHER = {Princeton University Press, Princeton, N. J.},
	YEAR = {1951},
	PAGES = {viii+224},
	MRCLASS = {56.0X},
	MRNUMBER = {0039258},
	MRREVIEWER = {S. Chern},
}

@book {19,
	AUTHOR = {Milnor, John W.},
	TITLE = {Characteristic Classes Notes},
	NOTE = {Appendix A},
	publisher={Lecture Notes Mimeographed, Princeton University},
	YEAR = {1964}
}

@book {20,
	AUTHOR = {Hu, Sze-tsen},
	TITLE = {Homotopy Theory},
	SERIES = {Pure and Applied Mathematics, Vol. VIII},
	PUBLISHER = {Academic Press, New York-London},
	YEAR = {1959},
	PAGES = {xiii+347},
	MRCLASS = {55.00},
	MRNUMBER = {0106454},
	MRREVIEWER = {P. J. Hilton},
}

@book {21,
	AUTHOR = {Hilton, P. J.},
	TITLE = {An Introduction to Homotopy Theory},
	SERIES = {Cambridge Tracts in Mathematics and Mathematical Physics, no.
	43},
	PUBLISHER = {Cambridge, at the University Press},
	YEAR = {1953},
	PAGES = {viii+142},
	MRCLASS = {56.0X},
	MRNUMBER = {0056289},
	MRREVIEWER = {W. S. Massey},
}

@article {22,
	AUTHOR = {Smale, Stephen},
	TITLE = {Generalized {P}oincar\'{e}'s Conjecture in Dimensions Greater than
	Four},
	JOURNAL = {Ann. of Math. (2)},
	FJOURNAL = {Annals of Mathematics. Second Series},
	VOLUME = {74},
	YEAR = {1961},
	PAGES = {391--406},
	ISSN = {0003-486X},
	MRCLASS = {57.01 (57.10)},
	MRNUMBER = {137124},
	MRREVIEWER = {Morris W. Hirsch},
	DOI = {10.2307/1970239},
	URL = {https://doi.org/10.2307/1970239},
}

@article {23,
	AUTHOR = {Brown, Morton},
	TITLE = {A Proof of the Generalized {S}choenflies Theorem},
	JOURNAL = {Bull. Amer. Math. Soc.},
	FJOURNAL = {Bulletin of the American Mathematical Society},
	VOLUME = {66},
	YEAR = {1960},
	PAGES = {74--76},
	ISSN = {0002-9904},
	MRCLASS = {54.00 (57.00)},
	MRNUMBER = {117695},
	DOI = {10.1090/S0002-9904-1960-10400-4},
	URL = {https://doi.org/10.1090/S0002-9904-1960-10400-4},
}

@article {24,
	AUTHOR = {Milnor, John W.},
	TITLE = {On Manifolds Homeomorphic to the {$7$}-Sphere},
	JOURNAL = {Ann. of Math. (2)},
	FJOURNAL = {Annals of Mathematics. Second Series},
	VOLUME = {64},
	YEAR = {1956},
	PAGES = {399--405},
	ISSN = {0003-486X},
	MRCLASS = {55.0X},
	MRNUMBER = {82103},
	DOI = {10.2307/1969983},
	URL = {https://doi.org/10.2307/1969983},
}

@article {25,
	AUTHOR = {Kervaire, Michel A. and Milnor, John W.},
	TITLE = {Groups of Homotopy Spheres. {I}},
	JOURNAL = {Ann. of Math. (2)},
	FJOURNAL = {Annals of Mathematics. Second Series},
	VOLUME = {77},
	YEAR = {1963},
	PAGES = {504--537},
	ISSN = {0003-486X},
	MRCLASS = {57.10},
	MRNUMBER = {148075},
	MRREVIEWER = {J. F. Adams},
	DOI = {10.2307/1970128},
	URL = {https://doi.org/10.2307/1970128},
}

@article {26,
	AUTHOR = {Wall, C. T. C.},
	TITLE = {Killing the Middle Homotopy Groups of Odd Dimensional
	Manifolds},
	JOURNAL = {Trans. Amer. Math. Soc.},
	FJOURNAL = {Transactions of the American Mathematical Society},
	VOLUME = {103},
	YEAR = {1962},
	PAGES = {421--433},
	ISSN = {0002-9947},
	MRCLASS = {57.10 (57.20)},
	MRNUMBER = {139185},
	MRREVIEWER = {J. F. Adams},
	DOI = {10.2307/1993837},
	URL = {https://doi.org/10.2307/1993837},
}

@article {27,
	AUTHOR = {Palais, Richard S.},
	TITLE = {Extending Diffeomorphisms},
	JOURNAL = {Proc. Amer. Math. Soc.},
	FJOURNAL = {Proceedings of the American Mathematical Society},
	VOLUME = {11},
	YEAR = {1960},
	PAGES = {274--277},
	ISSN = {0002-9939},
	MRCLASS = {57.00},
	MRNUMBER = {117741},
	DOI = {10.2307/2032968},
	URL = {https://doi.org/10.2307/2032968},
}

@article {28,
	AUTHOR = {Cerf, Jean},
	TITLE = {Topologie de Certains Espaces de Plongements},
	JOURNAL = {Bull. Soc. Math. France},
	FJOURNAL = {Bulletin de la Soci\'{e}t\'{e} Math\'{e}matique de France},
	VOLUME = {89},
	YEAR = {1961},
	PAGES = {227--380},
	ISSN = {0037-9484},
	MRCLASS = {57.20 (57.50)},
	MRNUMBER = {0140120},
	MRREVIEWER = {R. S. Palais},
	URL = {http://www.numdam.org/item?id=BSMF_1961__89__227_0},
}

@incollection {29,
	AUTHOR = {Cerf, Jean},
	TITLE = {La Nullit\'{e} de {$\pi \sb{0}\,(\mathrm{Diff}\,\mathbb{S}\sp{3})$}. 1.
	{P}osition du probl\`eme},
	BOOKTITLE = {S\'{e}minaire {H}enri {C}artan, 1962/63, {E}xp. 8-10, 20-21},
	PAGES = {27},
	PUBLISHER = {Secr\'{e}tariat math\'{e}matique, Paris},
	YEAR = {1962/1963},
	MRCLASS = {57.99},
	MRNUMBER = {0160231},
}

@article {30,
	AUTHOR = {Smale, Stephen},
	TITLE = {Diffeomorphisms of the {$2$}-Sphere},
	JOURNAL = {Proc. Amer. Math. Soc.},
	FJOURNAL = {Proceedings of the American Mathematical Society},
	VOLUME = {10},
	YEAR = {1959},
	PAGES = {621--626},
	ISSN = {0002-9939},
	MRCLASS = {57.00},
	MRNUMBER = {112149},
	DOI = {10.2307/2033664},
	URL = {https://doi.org/10.2307/2033664},
}

@article {31,
	AUTHOR = {Munkres, James R.},
	TITLE = {Differentiable Isotopies on the {$2$}-Sphere},
	JOURNAL = {Michigan Math. J.},
	FJOURNAL = {Michigan Mathematical Journal},
	VOLUME = {7},
	YEAR = {1960},
	PAGES = {193--197},
	ISSN = {0026-2285},
	MRCLASS = {57.10 (57.20)},
	MRNUMBER = {144354},
	URL = {http://projecteuclid.org/euclid.mmj/1028998426},
}

@article {32,
	AUTHOR = {Huebsch, William and Morse, Marston},
	TITLE = {The Bowl Theorem and a Model Non-degenerate Function},
	JOURNAL = {Proc. Nat. Acad. Sci. U.S.A.},
	FJOURNAL = {Proceedings of the National Academy of Sciences of the United
	States of America},
	VOLUME = {51},
	YEAR = {1964},
	PAGES = {49--51},
	ISSN = {0027-8424},
	MRCLASS = {57.50},
	MRNUMBER = {0160245},
	MRREVIEWER = {E. Baiada},
	DOI = {10.1073/pnas.51.1.49},
	URL = {https://doi.org/10.1073/pnas.51.1.49},
}


@phdthesis{33,
	title={The Structure of Manifolds},
	author={Barden, Dennis},
	type ={Doctoral Thesis},
	year ={1963},
	school ={Cambridge University}
}



@article{34,
	title={Two Complexes Which are Homeomorphic but Combinatorially Distinct},
	author={Milnor, John. W},
	journal={Ann. of Math.},
	volume={74},
	pages={575--590},
	year={1961}
}

@article {35,
	AUTHOR = {Mazur, Barry},
	TITLE = {Differential Topology From the Point of View of Simple
	Homotopy Theory},
	JOURNAL = {Inst. Hautes \'{E}tudes Sci. Publ. Math.},
	FJOURNAL = {Institut des Hautes \'{E}tudes Scientifiques. Publications
	Math\'{e}matiques},
	NUMBER = {15},
	YEAR = {1963},
	PAGES = {93},
	ISSN = {0073-8301},
	MRCLASS = {57.10 (55.40)},
	MRNUMBER = {0161342},
	MRREVIEWER = {T. Stewart},
	URL = {http://www.numdam.org/item?id=PMIHES_1963__15__93_0},
}


@book {36,
	AUTHOR = {Wall, C. T. C.},
	TITLE = {Differential Topology},
	SERIES = {Cambridge Studies in Advanced Mathematics},
	VOLUME = {156},
	PUBLISHER = {Cambridge University Press, Cambridge},
	YEAR = {2016},
	PAGES = {viii+346},
	ISBN = {978-1-107-15352-3},
	MRCLASS = {57Rxx (55N22 57-01 57Sxx)},
	MRNUMBER = {3558600},
	MRREVIEWER = {Nikolai N. Saveliev},
	DOI = {10.1017/CBO9781316597835},
	URL = {https://doi.org/10.1017/CBO9781316597835},
}


@article {37,
	AUTHOR = {Wall, C. T. C.},
	TITLE = {On Simply-Connected {$4$}-Manifolds},
	JOURNAL = {J. London Math. Soc.},
	FJOURNAL = {The Journal of the London Mathematical Society},
	VOLUME = {39},
	YEAR = {1964},
	PAGES = {141--149},
	ISSN = {0024-6107},
	MRCLASS = {57.10},
	MRNUMBER = {163324},
	MRREVIEWER = {N. Kuiper},
	DOI = {10.1112/jlms/s1-39.1.141},
	URL = {https://doi.org/10.1112/jlms/s1-39.1.141},
}

@article {38,
	AUTHOR = {Wall, C. T. C.},
	TITLE = {Topology of Smooth Manifolds},
	JOURNAL = {J. London Math. Soc.},
	FJOURNAL = {The Journal of the London Mathematical Society},
	VOLUME = {40},
	YEAR = {1965},
	PAGES = {1--20},
	ISSN = {0024-6107},
	MRCLASS = {57.00},
	MRNUMBER = {172305},
	MRREVIEWER = {N. Kuiper},
	DOI = {10.1112/jlms/s1-40.1.1},
	URL = {https://doi.org/10.1112/jlms/s1-40.1.1},
}

@article{39,
	title={Isotopy and Pseudo-Isotopy. I},
	author={Cerf, Jean},
	journal={Mimeographed at Cambridge University},
	year={1964}
}
@book{40,
	author = {Sigurdur Helgason},
	title = {Differential Geometry and Symmetric
	Spaces},
	year = {1962},
	publisher={Academic Press, New York}
}
%%%%%%%%%%%%%%%%%%%%%%%%%%%%%
@book{41,
	title={General Topology},
	author={Kelley, John L},
	year={1995},
	publisher={Van Nostrand}
}

@book{42,
title={Analytische Struktur und Abz\"{a}hlbarkeit},
author={Kneser, Hellmuth},
year={1958},
publisher={Ann. Acad Sci. Fenn. Ser. A. I.},
number={251/5},
MRNUMBER = {0101321},
}

@inproceedings{43,
	title={Introductiona la th{\'e}orie des structures infinit{\'e}simales et des pseudo-groupes de Lie},
	author={Ehresmann, Charles},
	booktitle={G{\'e}ometrie Diff{\'e}rentielle, Colloq. Inter. du Centre Nat. de la Rech. Sci., Strasbourg},
	pages={97--110},
	year={1953},
	number={11}
}

@book {44,
	AUTHOR = {Hirzebruch, Friedrich},
	TITLE = {Topological methods in algebraic geometry},
	SERIES = {Die Grundlehren der Mathematischen Wissenschaften, Band 131},
	EDITION = {enlarged},
	PUBLISHER = {Springer-Verlag New York, Inc., New York},
	YEAR = {1966},
	PAGES = {x+232},
	MRCLASS = {14.00 (32.00)},
	MRNUMBER = {0202713},
	MRREVIEWER = {M. F. Atiyah},
}

@book {45,
	AUTHOR = {Mac Lane, Saunders and Birkhoff, Garrett},
	TITLE = {Algebra},
	EDITION = {Third},
	PUBLISHER = {Chelsea Publishing Co., New York},
	YEAR = {1988},
	PAGES = {xx+626},
	ISBN = {0-8284-0330-9},
	MRCLASS = {00A05},
	MRNUMBER = {941522},
}
@book {46,
	AUTHOR = {Bishop, Richard L. and Crittenden, Richard J.},
	TITLE = {Geometry of manifolds},
	NOTE = {Reprint of the 1964 original},
	PUBLISHER = {AMS Chelsea Publishing, Providence, RI},
	YEAR = {2001},
	PAGES = {xii+273},
	ISBN = {0-8218-2923-8},
	MRCLASS = {53-01 (58-01)},
	MRNUMBER = {1852066},
	DOI = {10.1090/chel/344},
	URL = {https://doi.org/10.1090/chel/344},
}

@book {47,
	AUTHOR = {Chevalley, Claude},
	TITLE = {Theory of {L}ie groups. {I}},
	SERIES = {Princeton Mathematical Series},
	VOLUME = {8},
	NOTE = {Fifteenth printing,
	Princeton Landmarks in Mathematics},
	PUBLISHER = {Princeton University Press, Princeton, NJ},
	YEAR = {1999},
	PAGES = {xii+217},
	ISBN = {0-691-04990-4},
	MRCLASS = {22-01 (01A75)},
	MRNUMBER = {1736269},
	MRREVIEWER = {Alexander Isaakovich Shtern},
}

@article{48,
	title={Sphere-spaces},
	author={Whitney, Hassler},
	journal={Proceedings of the National Academy of Sciences of the United States of America},
	volume={21},
	number={7},
	pages={464-468},
	year={1935},
	publisher={National Academy of Sciences}
}

@article{49,
	title={On the theory of sphere-bundles},
	author={Whitney, Hassler},
	journal={Proceedings of the National Academy of Sciences of the United States of America},
	volume={26},
	number={2},
	pages={148-153},
	year={1940},
	publisher={National Academy of Sciences}
}

@incollection {50,
	AUTHOR = {Whitney, Hassler},
	TITLE = {On the topology of differentiable manifolds},
	BOOKTITLE = {Lectures in {T}opology},
	PAGES = {101--141},
	PUBLISHER = {University of Michigan Press, Ann Arbor, Mich.},
	YEAR = {1941},
	MRCLASS = {56.0X},
	MRNUMBER = {0005300},
	MRREVIEWER = {S. S. Cairns},
}

@article {51,
	AUTHOR = {Whitney, Hassler},
	TITLE = {The singularities of a smooth {$n$}-manifold in
	{$(2n-1)$}-space},
	JOURNAL = {Ann. of Math. (2)},
	FJOURNAL = {Annals of Mathematics. Second Series},
	VOLUME = {45},
	YEAR = {1944},
	PAGES = {247--293},
	ISSN = {0003-486X},
	MRCLASS = {56.0X},
	MRNUMBER = {10275},
	MRREVIEWER = {A. E. Taylor},
	DOI = {10.2307/1969266},
	URL = {https://doi.org/10.2307/1969266},
}
@book {52,
	AUTHOR = {Whitney, Hassler},
	TITLE = {Geometric integration theory},
	PUBLISHER = {Princeton University Press, Princeton, N. J.},
	YEAR = {1957},
	PAGES = {xv+387},
	MRCLASS = {53.0X},
	MRNUMBER = {0087148},
	MRREVIEWER = {H. Samelson},
}

@article {53,
	AUTHOR = {Stiefel, Eduard},
	TITLE = {Richtungsfelder und {F}ernparallelismus in {$n$}-dimensionalen
	{M}annigfaltigkeiten},
	JOURNAL = {Comment. Math. Helv.},
	FJOURNAL = {Commentarii Mathematici Helvetici},
	VOLUME = {8},
	YEAR = {1935},
	NUMBER = {1},
	PAGES = {305--353},
	ISSN = {0010-2571},
	MRCLASS = {DML},
	MRNUMBER = {1509530},
	DOI = {10.1007/BF01199559},
	URL = {https://doi.org/10.1007/BF01199559},
}

@book {54,
	AUTHOR = {Hirzebruch, Friedrich},
	TITLE = {Topological Methods in Algebraic Geometry},
	SERIES = {Die Grundlehren der Mathematischen Wissenschaften, Band 131},
	EDITION = {enlarged},
	PUBLISHER = {Springer-Verlag New York, Inc., New York},
	YEAR = {1966},
	PAGES = {x+232},
	MRCLASS = {14.00 (32.00)},
	MRNUMBER = {0202713},
	MRREVIEWER = {M. F. Atiyah},
}

@article {55,
	AUTHOR = {Wu, Wen-tsun},
	TITLE = {On the product of sphere bundles and the duality theorem
	modulo two},
	JOURNAL = {Ann. of Math. (2)},
	FJOURNAL = {Annals of Mathematics. Second Series},
	VOLUME = {49},
	YEAR = {1948},
	PAGES = {641--653},
	ISSN = {0003-486X},
	MRCLASS = {56.0X},
	MRNUMBER = {26794},
	MRREVIEWER = {H. Whitney},
	DOI = {10.2307/1969049},
	URL = {https://doi.org/10.2307/1969049},
}

@book {56,
	AUTHOR = {Hilton, P. J. and Wylie, S.},
	TITLE = {Homology theory: {A}n introduction to algebraic topology},
	PUBLISHER = {Cambridge University Press, New York},
	YEAR = {1960},
	PAGES = {xv+484},
	MRCLASS = {55.00},
	MRNUMBER = {0115161},
	MRREVIEWER = {A. Heller},
}

@book {57,
	AUTHOR = {Spanier, Edwin H.},
	TITLE = {Algebraic topology},
	NOTE = {Corrected reprint},
	PUBLISHER = {Springer-Verlag, New York-Berlin},
	YEAR = {1981},
	PAGES = {xvi+528},
	ISBN = {0-387-90646-0},
	MRCLASS = {55-02},
	MRNUMBER = {666554},
}

@article {58,
	AUTHOR = {Bott, Raul and Milnor, John W.},
	TITLE = {On the parallelizability of the spheres},
	JOURNAL = {Bull. Amer. Math. Soc.},
	FJOURNAL = {Bulletin of the American Mathematical Society},
	VOLUME = {64},
	YEAR = {1958},
	PAGES = {87--89},
	ISSN = {0002-9904},
	MRCLASS = {55.00},
	MRNUMBER = {102804},
	MRREVIEWER = {W. S. Massey},
	DOI = {10.1090/S0002-9904-1958-10166-4},
	URL = {https://doi.org/10.1090/S0002-9904-1958-10166-4},
}

@article {59,
	AUTHOR = {Kervaire, Michel A.},
	TITLE = {Non-parallelizability of the {$n$}-sphere for {$n>7$}},
	JOURNAL = {Proc. Natl. Acad. Sci. USA},
	FJOURNAL = {Proceedings of the National Academy of Sciences of the United
	States of America},
	VOLUME = {44},
	YEAR = {1958},
	NUMBER = {3},
	PAGES = {280--283},
	ISSN = {0027-8424},
	MRCLASS = {57R25 (55Q45 58A99 58B05)},
	MRNUMBER = {3075371},
	DOI = {10.1073/pnas.44.3.280},
	URL = {https://doi.org/10.1073/pnas.44.3.280},
}

@article {60,
	AUTHOR = {Adams, John Frank},
	TITLE = {On the non-existence of elements of {H}opf invariant one},
	JOURNAL = {Ann. of Math. (2)},
	FJOURNAL = {Annals of Mathematics. Second Series},
	VOLUME = {72},
	YEAR = {1960},
	PAGES = {20--104},
	ISSN = {0003-486X},
	MRCLASS = {55.40},
	MRNUMBER = {141119},
	MRREVIEWER = {M. A. Kervaire},
	DOI = {10.2307/1970147},
	URL = {https://doi.org/10.2307/1970147},
}
@article {61,
	AUTHOR = {Whitney, Hassler},
	TITLE = {The singularities of a smooth {$n$}-manifold in
	{$(2n-1)$}-space},
	JOURNAL = {Ann. of Math. (2)},
	FJOURNAL = {Annals of Mathematics. Second Series},
	VOLUME = {45},
	YEAR = {1944},
	PAGES = {247--293},
	ISSN = {0003-486X},
	MRCLASS = {56.0X},
	MRNUMBER = {10275},
	MRREVIEWER = {A. E. Taylor},
	DOI = {10.2307/1969266},
	URL = {https://doi.org/10.2307/1969266},
}
@article {62,
	AUTHOR = {James, I. M.},
	TITLE = {Euclidean models of projective spaces},
	JOURNAL = {Bull. London Math. Soc.},
	FJOURNAL = {The Bulletin of the London Mathematical Society},
	VOLUME = {3},
	YEAR = {1971},
	PAGES = {257--276},
	ISSN = {0024-6093},
	MRCLASS = {57D40},
	MRNUMBER = {298680},
	MRREVIEWER = {P. J. Kahn},
	DOI = {10.1112/blms/3.3.257},
	URL = {https://doi.org/10.1112/blms/3.3.257},
}
@article {63,
	AUTHOR = {Hirsch, Morris W.},
	TITLE = {Immersions of manifolds},
	JOURNAL = {Trans. Amer. Math. Soc.},
	FJOURNAL = {Transactions of the American Mathematical Society},
	VOLUME = {93},
	YEAR = {1959},
	PAGES = {242--276},
	ISSN = {0002-9947},
	MRCLASS = {57.00},
	MRNUMBER = {119214},
	MRREVIEWER = {M. A. Kervaire},
	DOI = {10.2307/1993453},
	URL = {https://doi.org/10.2307/1993453},
}
@article {64,
	AUTHOR = {Smale, Stephen},
	TITLE = {The classification of immersions of spheres in {E}uclidean
	spaces},
	JOURNAL = {Ann. of Math. (2)},
	FJOURNAL = {Annals of Mathematics. Second Series},
	VOLUME = {69},
	YEAR = {1959},
	PAGES = {327--344},
	ISSN = {0003-486X},
	MRCLASS = {55.00},
	MRNUMBER = {105117},
	MRREVIEWER = {M. A. Kervaire},
	DOI = {10.2307/1970186},
	URL = {https://doi.org/10.2307/1970186},
}
@book{65,
	title={Notes on cobordism theory},
	author={Stong, Robert E.},
	year={1968},
	series={Princeton Legacy Library},
	publisher={Princeton University Press}
}
@article{67,
	title={Vector fields on the {$n$}-sphere},
	author={Whitehead, J. H. C. and Steenrod, N. E.},
	journal={Proc. Nat. Acad. Sci},
	volume={37},
	pages={58--63},
	year={1951}
}
@article{68,
	title={Vector fields on spheres},
	author={Adams, John Frank},
	journal={Annals of Mathematics},
	pages={603--632},
	year={1962},
	publisher={JSTOR}
}
@article{69,
	title={Characteristic cycles on differentiable manifolds},
	author={Pontryagin, Lev Semenovich},
	 FJournal = {{Matematicheski\u{\i} Sbornik. Novaya Seriya}},
	Journal = {{Mat. Sb., Nov. Ser.}},
	volume={63},
	number={2},
	pages={233--284},
	year={1947},
	publisher={Russian Academy of Sciences, Steklov Mathematical Institute of Russian}
}
@article {70,
	AUTHOR = {Chern, Shiing-shen},
	TITLE = {On the multiplication in the characteristic ring of a sphere
	bundle},
	JOURNAL = {Ann. of Math. (2)},
	FJOURNAL = {Annals of Mathematics. Second Series},
	VOLUME = {49},
	YEAR = {1948},
	PAGES = {362--372},
	ISSN = {0003-486X},
	MRCLASS = {56.0X},
	MRNUMBER = {24127},
	MRREVIEWER = {H. Whitney},
	DOI = {10.2307/1969285},
	URL = {https://doi.org/10.2307/1969285},
}
@book {71,
	AUTHOR = {Lundell, Albert T. and Weingram, Stephen},
	TITLE = {The topology of {CW} complexes},
	SERIES = {The University Series in Higher Mathematics},
	PUBLISHER = {Van Nostrand Reinhold Co., New York},
	YEAR = {1969},
	PAGES = {viii+216},
	MRCLASS = {57Qxx (55N10 55P10)},
	MRNUMBER = {3822092},
	DOI = {10.1007/978-1-4684-6254-8},
	URL = {https://doi.org/10.1007/978-1-4684-6254-8},
}
@article{72,
	title={The paracompactness of CW-complexes},
	author={Miyazaki, Hiroshi},
	journal={Tohoku Mathematical Journal, Second Series},
	volume={4},
	number={3},
	pages={309--313},
	year={1952},
	publisher={Mathematical Institute, Tohoku University}
}
@book {73,
	AUTHOR = {Dugundji, James},
	TITLE = {Topology},
	PUBLISHER = {Allyn and Bacon, Inc., Boston, Mass.},
	YEAR = {1966},
	PAGES = {xvi+447},
	MRCLASS = {54.00},
	MRNUMBER = {0193606},
	MRREVIEWER = {M. Edelstein},
}
@book {74,
	AUTHOR = {Ostmann, Hans-Heinrich},
	TITLE = {Additive {Z}ahlentheorie. {E}rster {T}eil: {A}llgemeine
	{U}ntersuchungen. {Z}weiter {T}eil: {S}pezielle
	{Z}ahlenmengen},
	SERIES = {Ergebnisse der Mathematik und ihrer Grenzgebiete, (N.F.),
	Hefte 7},
	VOLUME = {11},
	PUBLISHER = {Springer-Verlag, Berlin-G\"{o}ttingen-Heidelberg},
	YEAR = {1956},
	PAGES = {vii+233 pp. vi136},
	MRCLASS = {10.00},
	MRNUMBER = {0098721},
	MRREVIEWER = {L. Schoenfeld},
}
@book {75,
	AUTHOR = {van der Waerden, B. L.},
	TITLE = {Modern {A}lgebra. {V}ol. {I}},
	NOTE = {Translated from the second revised German edition by Fred Blum,
	With revisions and additions by the author},
	PUBLISHER = {Frederick Ungar Publishing Co., New York, N. Y.},
	YEAR = {1949},
	PAGES = {xii+264},
	MRCLASS = {09.1X},
	MRNUMBER = {0029363},
}
@book {76,
	AUTHOR = {Lang, Serge},
	TITLE = {Algebra},
	PUBLISHER = {Addison-Wesley Publishing Co., Inc., Reading, Mass.},
	YEAR = {1965},
	PAGES = {xvii+508},
	MRCLASS = {00.00},
	MRNUMBER = {0197234},
	MRREVIEWER = {R. S. Pierce},
}
@inproceedings {78,
	AUTHOR = {Blanton, John D. and Schweitzer, Paul A.},
	TITLE = {Axioms for characteristic classes of manifolds},
	BOOKTITLE = {Differential geometry ({P}roc. {S}ympos. {P}ure {M}ath.,
	{V}ol. {XXVII}, {S}tanford {U}niv., {S}tanford, {C}alif.,
	1973), {P}art 1},
	PAGES = {349--356},
	YEAR = {1975},
	MRCLASS = {57D20},
	MRNUMBER = {0375339},
	MRREVIEWER = {R. E. Stong},
}
@article {79,
	AUTHOR = {Borel, Armand},
	TITLE = {La cohomologie mod {$2$} de certains espaces homog\`enes},
	JOURNAL = {Comment. Math. Helv.},
	FJOURNAL = {Commentarii Mathematici Helvetici},
	VOLUME = {27},
	YEAR = {1953},
	PAGES = {165--197},
	ISSN = {0010-2571},
	MRCLASS = {56.0X},
	MRNUMBER = {57541},
	MRREVIEWER = {S. Chern},
	DOI = {10.1007/BF02564561},
	URL = {https://doi.org/10.1007/BF02564561},
}

@book {80,
	AUTHOR = {Steenrod, Norman and \`Epste\u{\i}n, David BA},
	TITLE = {Cohomology operations},
	SERIES ={Annals of
	Mathematics Studies, No. 50},
	publisher={Princeton University Press},
	YEAR = {1963},
	PAGES = {232},
	MRCLASS = {55Sxx},
	MRNUMBER = {700978},
}

@book{81,
	title={Einf{\"u}hrung in die algebraische Geometrie},
	author={Van der Waerden, Bartel Leendert},
	volume={51},
	year={1976},
	publisher={Springer-Verlag}
}

@article {82,
	AUTHOR = {Whitehead, J. H. C.},
	TITLE = {Manifolds with transverse fields in euclidean space},
	JOURNAL = {Ann. of Math. (2)},
	FJOURNAL = {Annals of Mathematics. Second Series},
	VOLUME = {73},
	YEAR = {1961},
	PAGES = {154--212},
	ISSN = {0003-486X},
	MRCLASS = {57.10 (57.34)},
	MRNUMBER = {124917},
	MRREVIEWER = {S. S. Cairns},
	DOI = {10.2307/1970286},
	URL = {https://doi.org/10.2307/1970286},
}

@book {83,
	AUTHOR = {Husemoller, Dale},
	TITLE = {Fibre bundles},
	SERIES = {Graduate Texts in Mathematics},
	VOLUME = {20},
	EDITION = {Third},
	PUBLISHER = {Springer-Verlag, New York},
	YEAR = {1994},
	PAGES = {xx+353},
	ISBN = {0-387-94087-1},
	MRCLASS = {55-01 (19Lxx 55-02 55Rxx 57R20 57R22)},
	MRNUMBER = {1249482},
	MRREVIEWER = {Jo\v{z}e Vrabec},
	DOI = {10.1007/978-1-4757-2261-1},
	URL = {https://doi.org/10.1007/978-1-4757-2261-1},
}
@book {84,
	AUTHOR = {Dold, Albrecht},
	TITLE = {Lectures on Algebraic Topology},
	SERIES = {Classics in Mathematics},
	NOTE = {Reprint of the 1972 edition},
	PUBLISHER = {Springer-Verlag, Berlin},
	YEAR = {1995},
	PAGES = {xii+377},
	ISBN = {3-540-58660-1},
	MRCLASS = {55-02 (01A75)},
	MRNUMBER = {1335915},
	DOI = {10.1007/978-3-642-67821-9},
	URL = {https://doi.org/10.1007/978-3-642-67821-9},
}
@article{85,
	author = {Ehresmann, Charles},
	title = {Sur la topologie de certains espaces homog{\'e}nes},
	JOURNAL = {Ann. of Math.},
	FJOURNAL = {Annals of Mathematics},
	number={35},
	pages= {396--443},
	year = {1934}
}

















@inproceedings {,
	AUTHOR = {Milnor, John W. and Kervaire, Michel A.},
	TITLE = {Bernoulli numbers, homotopy groups, and a theorem of {R}ohlin},
	BOOKTITLE = {Proc. {I}nternat. {C}ongress {M}ath. 1958},
	PAGES = {454--458},
	PUBLISHER = {Cambridge Univ. Press, New York},
	YEAR = {1960},
	MRCLASS = {57.00 (55.00)},
	MRNUMBER = {0121801},
	MRREVIEWER = {F. Hirzebruch},
}